
@misc{his,
    title={HistoriadoCuboMagico},
    url={http://www.cubovelocidade.com.br/info/historia-do-cubo-magico.html},
    urlaccessdate={08 out. 2017},
    year={2017}
}

@misc{ORI,
    title={AOrigemdoCuboMagico},
    url={http://www.hobbz.com/saiba-mais/cubo-magico/a-origem-do-cubo-magico},
    urlaccessdate={08 out. 2017},
    year={2017}
}

@misc{sobre,
    title={Sobreocubomagico},
    url={http://www.montarcubomagico.com.br/sobre-o-cubo-de-rubik/},
    urlaccessdate={08 out. 2017},
    year={2012}
}

@misc{invencao,
    title={INVENÇÃODOCUBODERUBIK},
    url={http://www.techtudo.com.br/noticias/noticia/2014/05/invencao-do-cubo-de-rubik-e-tema-de-doodle-do-google-veja-como-jogar.html},
    urlaccessdate={08 out. 2017},
    year={2014}
}

@misc{movimentos,
    title={movimentosbasicos},
    url={http://www.cubovelocidade.com.br/tutoriais/cubo-magico-basico-movimentos.html},
    urlaccessdate={08 out. 2017},
    year={2015}
}

@misc{movimentos,
    title={movimentosbasicos},
    url={http://www.cubovelocidade.com.br/tutoriais/cubo-magico-basico-movimentos.html},
    urlaccessdate={08 out. 2017},
    year={2015}
}
@misc{logico,
    title={raciociniologico},
    url={http://www.cubovelocidade.com.br/tutoriais/cubo-magico-basico-movimentos.html},
    urlaccessdate={08 out. 2017},
    year={2015}
}

@misc{controlador,
    title={microcontrolador},
    url={http://www.roboliv.re/conteudo/microcontroladores},
    urlaccessdate={08 out. 2017},
    year={2013}
}

@book{arduinowiki,
  author    = {Massimo Banzi}, 
  title     = {Primeiros Passos Com Arduino},
  publisher = {Novatec},
  year      = {2011},
  edition   = {Primeira Edição},
  month     = {Dezembro},
  isbn      = {978-85-7522-290-4}
}

@misc{arduinowiki,
    title={arduino},
    url={https://en.wikipedia.org/wiki/Arduino},
    urlaccessdate={08 out. 2017},
    year={2013}
}

@misc{arduinodetails,
    title={modelosarduino},
    url={https://www.filipeflop.com/blog/o-que-e-arduino/},
    urlaccessdate={08 out. 2017},
    year={2013}
}

@misc{cubohist,
    title={cubovelocidade},
    url={http://www.cubovelocidade.com.br/info/historia-do-cubo-magico.html},
    urlaccessdate={08 out. 2017},
    year={2017}
}

@misc{cubowiki,
    title={cuboderubik},
    url={https://pt.wikipedia.org/wiki/Cubo_de_Rubik},
    urlaccessdate={08 out. 2017},
    year={2017}
}

@misc{cubociencia,
    title={Rubiks},
    url={https://parquedaciencia.blogspot.com.br/2014/07/ciencia-do-cubo-magico.html?m=1},
    urlaccessdate={08 out. 2017},
    year={2017}
}

@misc{bluetooth,
    title={arduínobluetooth},
    url={https://www.filipeflop.com/blog/tutorial-arduino-bluetooth-hc-05-mestre/},
    urlaccessdate={08 out. 2017},
    year={2014}
}

@misc{robo1,
    title={TiltedTwister},
    url={http://tiltedtwister.com/tiltedtwister2.html},
    urlaccessdate={02 nov. 2017},
    year={2012}
}

@misc{robo2,
    title={CubeStormer},
    url={http://tiltedtwister.com/tiltedtwister2.html},
    urlaccessdate={02 nov. 2017},
    year={2012}
}

@misc{robo3,
    title={Sub1Reloaded},
    url={https://www.infineon.com/cms/en/about-infineon/press/press-releases/2016/INFXX201611-014.html},
    urlaccessdate={02 nov. 2017},
    year={2016}
}

@misc{robo4,
    title={Home-built-robot},
    url={https://newatlas.com/jay-flatland-paul-rose-rubiks-cube-robot/41523/},
    urlaccessdate={02 nov. 2017},
    year={2016}
}

@misc{impressora,
    title={Comofuncionaimpressão3D},
    url={https://www.oficinadanet.com.br/post/11352-como-funciona-e-como-surgiu-a-impressora-3d},
    urlaccessdate={02 nov. 2017},
    year={2013}
}



