% Artigo em anais de congresso
@InProceedings{knill,
  author = 	 {Oliver Knill and Roman E. MÄdder},
  title = 	 {The rotation group of {R}ubik's cube},
  booktitle = 	 {ACM SIGSAM Bulletin},
  pages = 	 {2},
  year = 	 {1987},
  publisher = {ACM New York, USA}
}


% Artigo em anais de congresso
@InProceedings{quadros,
  author = 	 {João Roberto de Toledo Quadros and Laura Cristina de Toledo Quadros},
  title = 	 {O {C}ubo de {R}ubik como ferramenta de suporte no aprendizado de programação},
  booktitle = 	 {XII Simpósio de Excelência em Gestão e Tecnologia},
  pages = 	 {3},
  year = 	 {2015},
  publisher = {AEDV Resende, RJ}
}


% Livro
@Book{cormen,
  author =       {Cormen, Thomas H. and
                 Charles Eric Leiserson and
                 Clifford Stein},
  title =        {Introduction to Algorithms},
  publisher =    {MIT Press and McGrawHill},
  year =         {2001},
  edition =      {2th},
  address = {United States of America}
}

% Livro
@Book{tardos,
  author =       {Jon KLEINBERG and
                 Tardos, E.},
  title =        {Algorithm Design},
  publisher =    {Addison-Wesley},
  year =         {2005},
  edition =      {1th},
  address = {New York}
}



%Referencia da Web
@Misc{korf,
    author =     {Richard E. Korf},
    title =      {{F}inding {O}ptimal {S}olutions to {R}ubik's {C}ube {U}sing {P}attern {D}atabases},    
    year =   {1997},
    note = {Disponível em: <\url{http://www.cs.princeton.edu/courses/archive/fall06/cos402/papers/korfrubik.pdf}>. Acesso em Setembro 14, 2017},
}

% Artigo em anais de congresso
@InProceedings{alecio,
  author = 	 {Alecio Soares Silva and Thalita Alves da Silva and Weslley Balbino Barros and Valdson Davi Moura Silva},
  title = 	 {{O} {C}ubo {M}ágico: {A}plicações do {A}lgoritmo {E}uclidiano da {D}ivisão},
  booktitle = 	 {IX ENCONTRO PARAIBANO DE EDUCAÇÃO MATEMÁTICA},
  pages = 	 {4},
  year = 	 {2016},
  publisher = {}
}


%Referencia da Web
@Misc{luis,
    author =     {Luis Gustavo Hauff Martins Grimm},
    title =      {{C}ubo {M}ágico: {P}ropriedades e {R}esoluções envolvendo {Á}lgebra e {T}eoria de {G}rupos},    
    year =   {2016},
    note = {Disponível em: <\url{https://repositorio.unesp.br/handle/11449/144192}>. Acesso em Outubro 14, 2017},
}


%Referencia da Web
@Misc{jose,
    author =     {José Vinícius do Nascimento Silva},
    title =      {{U}ma proposta de aprendizagem usando o {C}ubo {M}ágico em {M}alta - {P}{B}},    
    year =   {2015},
    note = {Disponível em: <\url{http://tede.bc.uepb.edu.br/jspui/bitstream/tede/2390/2/PDF%20-%20Jos%C3%A9%20Vin%C3%ADcius%20do%20Nascimento%20Silva.pdf}>. Acesso em Outubro 14, 2017},
}

%Referencia da Web
@Misc{cinoto,
    author =     {Rafael Werneck Cinoto},
    title =      {{T}eoria de grupos e {C}ubo {M}ágico},    
    year =   {2014},
    note = {Disponível em: <\url{https://www.ime.usp.br/~congressoposmat/2014/upload/Rafael%20Werneck%20Cinoto.pdf}>. Acesso em Outubro 15, 2017},
}


%Referencia da Web
@Misc{snapp,
    author =     {Robert Snapp},
    title =      {{R}ubik's {M}agic {C}ube},    
    year =   {2012},
    note = {Disponível em: <\url{http://www.cs.uvm.edu/~rsnapp/teaching/cs32/lectures/rubik.pdf}>. Acesso em Outubro 15, 2017},
}


%Referencia da Web
@Misc{ana,
    author =     {Ana Tokus},
    title =      {Etapa 8: {O}s blocos do meio da camada de cima},    
    year =   {2013},
    note = {Disponível em: <\url{http://www.cubomagicofacil.com/2013/03/montar-cubo-magico-etapa-8.html#.WeQiX2hSzIU}>. Acesso em Outubro 16, 2017},
}



%Referencia da Web
@Misc{alcantara,
    author =     {Carlos de Alcantara},
    title =      {{C}ubo {M}ágico - {A}postila intermediária - {T}ransição para o {F}ridrich},    
    year =   {2008},
    note = {Disponível em: <\url{http://cubomagicobrasil.com/forum/topic/26-cubo-m%C3%A1gico-apostila-intermedi%C3%A1ria-transi%C3%A7%C3%A3o-para-o-fridrich/}>. Acesso em Outubro 16, 2017},
}


%Referencia da Web
@Misc{bina,
    author =     {BINA VENKATARAMAN},
    title =      {{C}ubo mágico ajuda na resolução de problemas},    
    year =   {2008},
    note = {Disponível em: <\url{http://noticias.terra.com.br/ciencia/interna/0,,OI3407454-EI8146,00-Cubo+magico+ajuda+na+resolucao+de+problemas.html}>. Acesso em Outubro 16, 2017},
}



%Referencia da Web
@Misc{alan,
    author =     {Alan Eduardo Wolinski},
    title =      {{C}iência do {C}ubo {M}ágico},    
    year =   {2014},
    note = {Disponível em: <\url{http://parquedaciencia.blogspot.com.br/2014/07/ciencia-do-cubo-magico.html}>. Acesso em Outubro 16, 2017},
}



%Referencia da Web
@Misc{hardesty,
    author =     {Larry Hardesty},
    title =      {{R}ubik's {C}ube {M}ath},    
    year =   {2011},
    note = {Disponível em: <\url{https://www.technologyreview.com/s/425875/rubiks-cube-math/}>. Acesso em Outubro 16, 2017},
}


%Referencia da Web
@Misc{erik,
    author =     {Erik D. Demaine and Martin L. Demaine and Sarah Eisenstat and Anna Lubiw and Andrew Winslow},
    title =      {{A}lgorithms for {S}olving {R}ubik’s {C}ubes},    
    year =   {2011},
    note = {Disponível em: <\url{http://erikdemaine.org/papers/Rubik_ESA2011/paper.pdf}>. Acesso em Outubro 16, 2017},
}


%Referencia da Web
@Misc{renann,
    author =     {Renan Cerpe},
    title =      {Método {A}vançado {F}ridrich},    
    year =   {2012},
    note = {Disponível em: <\url{https://www.passeidireto.com/arquivo/19837824/apostila-de-cubo-magico-avancado}>. Acesso em Outubro 16, 2017},
}


%Referencia da Web
@Misc{ignacio,
    author =     {Ignacio Alonso Munoz and Maxi Arévalo Garbayo and Víctor Collado Negro},
    title =      {{R}esolución del cubo de {R}ubik},    
    year =   {2007},
    note = {Disponível em: <\url{http://www.it.uc3m.es/jvillena/irc/practicas/06-07/17.pdf}>. Acesso em Outubro 16, 2017},
}






% Livro
@Book{toscale,
  author =       {TOSCANE, L. V. and VELOSO, P. A. S},
  title =        {Complexidade de algoritmos: análise, projeto e
métodos},
  publisher =    {Bookman},
  year =         {2012},
  edition =      {3th},
  address = {Brasil}
}



%Referencia da Web
@Misc{galdino,
    author =     {André Luiz Galdino},
    title =      {{Á}LGEBRA {I} - {G}rupos, {S}ubgrupos e {H}omomorfismos de {G}rupos},    
    year =   {2017},
    note = {Disponível em: <\url{https://galdino.catalao.ufg.br/up/635/o/algebra_I_ead_v1.pdf}>. Acesso em Dezembro 01, 2017},
}

