% Tese de Doutorado
@PHDTHESIS{Rosa:15,
  AUTHOR = {Renata Lopes Rosa},
  TITLE = {Análise de sentimentos e afetividade de textos extraídos das redes sociais},
  SCHOOL = {Escola Politécnica da Universidade de São Paulo},
  YEAR = {2015}
}

% Artigo de jornal
@Article{ThakoreSasi:15,
  AUTHOR = { Pratik Thakor  and  Dr. Sreela Sasi },
  TITLE = {Ontology-based Sentiment Analysis Process for Social Media Content},
  JOURNAL = {Procedia Computer Science},
  YEAR = 2015,
  VOLUME = 53,
  NUMBER = 1,
  PAGES = {199--207}
 }
 
 % Artigo em anais de congresso
@InProceedings{GaoEtAl:17,
  author = 	 {Xinxin Gao and Wencheng Yu and Yilong Rong and Songmao Zhang},
  title = 	 {Ontology-Based Social Media Analysis for Urban Planning},
  booktitle = 	 {Annual Computer Software and Applications Conference (COMPSAC)},
  year = 	 {2017},
  publisher = {IEEE},
  doi = {10.1109/COMPSAC.2017.4},
  URL = { 
        https://doi.org/10.1109/COMPSAC.2017.4
    
},
eprint = { 
        https://doi.org/10.1109/COMPSAC.2017.4
    
}
}

% Artigo de jornal
@article{GaoEtAlInfluenza:18,
author = {Yizhao Gao and Shaowen Wang and Anand Padmanabhan and Junjun Yin and Guofeng Cao},
title = {Mapping spatiotemporal patterns of events using social media: a case study of influenza trends},
journal = {International Journal of Geographical Information Science},
volume = {32},
number = {3},
pages = {425-449},
year  = {2018},
publisher = {Taylor & Francis},
doi = {10.1080/13658816.2017.1406943},

URL = { 
        https://doi.org/10.1080/13658816.2017.1406943
    
},
eprint = { 
        https://doi.org/10.1080/13658816.2017.1406943
    
}

}

% Artigo de jornal
@article{MarozzoeBessi:18,
author = {Fabrizio Marozzo and Alessandro Bessi},
title = {Analyzing polarization of social media users and news sites during political campaigns},
journal = {Social Network Analysis and Mining},
volume = {8},
number = {1},
year  = {2018},
publisher = {Springer Vienna},
doi = {10.1007/s13278-017-0479-5},

URL = { 
        https://doi.org/10.1007/s13278-017-0479-5
    
},
eprint = { 
        https://doi.org/10.1007/s13278-017-0479-5
    
}

}

% Artigo de jornal
@article{CaoEtAl:18,
author = {Xiaodong Cao and Piers MacNaughton and Jie Yin and Zhengyi Deng and Xi Zhang and Joseph G. Allen},
title = {Using Twitter to Better Understand the Spatiotemporal Patterns of Public Sentiment: A Case Study in Massachusetts, USA},
journal = {International Journal of Environmental Research and Public Health},
volume = {15},
number = {2},
year  = {2018},
publisher = {Multidisciplinary Digital Publishing Institute (MDPI)},
doi = {10.3390/ijerph15020250},

URL = { 
        https://doi.org/10.3390/ijerph15020250
    
},
eprint = { 
        https://doi.org/10.3390/ijerph15020250
    
}

}

% Artigo de jornal
@article{Farzindar:15,
author = {Atefeh Farzindar and Diana Inkpen},
title = {Natural Language Processing for Social Media},
journal = {Synthesis Lectures on Human Language Technologies},
volume = {8},
number = {2},
pages = {1--166},
year  = {2015},
publisher = {Morgan & Claypool Publishers},
doi = {S00659ED1V01Y201508HLT030},

URL = { 
        https://doi.org/S00659ED1V01Y201508HLT030
    
},
eprint = { 
        https://doi.org/S00659ED1V01Y201508HLT030
    
}

}

% Artigo de jornal
@article{bingLiu:2012,
author = {Bing Liu},
title = {Sentiment Analysis and Opinion Mining},
journal = {Synthesis Lectures on Human Language Technologies},
pages = {1--167},
year  = {2012},
publisher = {Morgan & Claypool Publishers},
doi = {10.2200/S00416ED1V01Y201204HLT016},

URL = { 
        https://doi.org/10.2200/S00416ED1V01Y201204HLT016
    
},
eprint = { 
        https://doi.org/10.2200/S00416ED1V01Y201204HLT016
    
}

}

% Artigo de jornal
@article{Weiand:16,
author = {Augusto Weiand},
title = {Análise de sentimentos do Twitter com Naïve Bayes e NLTK},
journal = {Trajetória Multicursos},
volume = {7},
number = {2},
pages = {3--18},
year  = {2016},
publisher = {},

URL = { 
    http://sys.facos.edu.br/ojs/index.php/trajetoria/article/view/135/157
},
eprint = { 
    http://sys.facos.edu.br/ojs/index.php/trajetoria/article/view/135/157
}

}

%Referencia da Web
@Misc{dicionarioSentimento,
    author =     {Henrico Brum},
    title =      {tweetSentBR},    
    year =   {2017},
    note = {Disponível em: <\url{https://bitbucket.org/HBrum/tweetsentbr}>. Acesso em Março 22, 2018},
}


%Referencia da Web
@Misc{IA:06,
    author =     {Chris Smith and Brian McGuire and Ting Huang and Gary Yang},
    title =      {The History of Artificial Intelligence},    
    month =     Dec,
    year =   {2006},
    note = {Dec., 2006. Disponível em: <\url{https://courses.cs.washington.edu/courses/csep590/06au/projects/history-ai.pdf}>. Acesso em Março 23, 2018},
}

%Referencia da Web
@Misc{surveyPLN,
    author =     {Kevin Mote},
    title =      {Natural Language Processing - A survey},    
    month =     May,
    year =   {2002},
    note = {May., 2002. Disponível em: <\url{https://arxiv.org/ftp/arxiv/papers/1209/1209.6238.pdf}>. Acesso em Março 17, 2018},
}

%Referencia da Web
@Misc{flaskSite,
    author =     {Flask},
    title =      {Flask - web development, one drop at a time},    
    note = {Disponível em: <\url{http://flask.pocoo.org/}>. Acesso em Março 29, 2018},
}

%Referencia da Web
@Misc{webService:2004,
    author =     {David Booth and Hugo Haas and Francis McCabe and Eric Newcomer and Michael Champion and Chris Ferris and David Orchard},
    title =      {Web Services Architecture},    
    year = {2004},
    note = {Disponível em: <\url{http://www.w3.org/TR/2004/NOTE-ws-arch-20040211/}>. Acesso em Abril 11, 2018},
}

%Referencia da Web
@Misc{pewinternet:2008,
    author =     {John B. Horrigan},
    title =      {Online Shopping - Internet users like the convenience but worry
about the security of their financial information},    
    year = {2008},
    note = {Disponível em: <\url{http://www.pewinternet.org/files/old-media/Files/Reports/2008/PIP_Online%20Shopping.pdf.pdf}>. Acesso em Abril 2, 2018},
}

% Artigo de jornal
@article {Hirschberg261,
	author = {Hirschberg, Julia and Manning, Christopher D.},
	title = {Advances in natural language processing},
	volume = {349},
	number = {6245},
	pages = {261--266},
	year = {2015},
	doi = {10.1126/science.aaa8685},
	publisher = {American Association for the Advancement of Science},
	abstract = {Natural language processing employs computational techniques for the purpose of learning, understanding, and producing human language content. Early computational approaches to language research focused on automating the analysis of the linguistic structure of language and developing basic technologies such as machine translation, speech recognition, and speech synthesis. Today{\textquoteright}s researchers refine and make use of such tools in real-world applications, creating spoken dialogue systems and speech-to-speech translation engines, mining social media for information about health or finance, and identifying sentiment and emotion toward products and services. We describe successes and challenges in this rapidly advancing area.},
	issn = {0036-8075},
	URL = {http://science.sciencemag.org/content/349/6245/261},
	eprint = {http://science.sciencemag.org/content/349/6245/261.full.pdf},
	journal = {Science}
}

% Artigo de jornal
@Article{Brown:90,
  author = 	"Brown, Peter F.
		and Cocke, John
		and Pietra, Stephen A. Della
		and Pietra, Vincent J. Della
		and Jelinek, Fredrick
		and Lafferty, John D.
		and Mercer, Robert L.
		and Roossin, Paul S.",
  title = 	"A STATISTICAL APPROACH TO MACHINE TRANSLATION",
  journal = 	"Computational Linguistics, Volume 16, Number 2, June 1990",
  year = 	"1990",
  url = 	"http://www.aclweb.org/anthology/J90-2002"
}

% Livro
@book{ihc,
  title={Intera{\c{c}}{\~a}o Humano-Computador},
  author={Barbosa, S. and Silva, B.},
  isbn={9788535211207},
  url={https://books.google.com.br/books?id=qk0skwr\_cewC},
  year={2010},
  publisher={Elsevier Brasil}
}

@Article{agenteConversacional:17,
author = {Ramesh, Kiran and Ravishankaran, Surya and Joshi, Abhishek and Chandrasekaran, K},
year = {2017},
month = {10},
pages = {336-350},
publisher = {Springer Singapore},
title = {A Survey of Design Techniques for Conversational Agents},
isbn = {978-981-10-6543-9}

URL = { 
     https://doi.org/10.1007/978-981-10-6544-6_31
},
eprint = { 
     https://doi.org/10.1007/978-981-10-6544-6_31
}
}

@Article{roboticaAssistida:15, 
author={M. J. Matarić}, 
booktitle={2015 IEEE International Conference on Pervasive Computing and Communications (PerCom)}, 
title={Socially assistive robotics: Personalized machines that (Provide) care}, 
year={2015}, 
pages={1-1}, 
keywords={human-robot interaction;service robots;Alzheimers;HRI;SAR;human-robot interaction;nonverbal communication;personalized machines;physical interaction;rehabilitation robotics;robot physical embodiment;service robotics;social behavior;socially assistive robotics;steering social dynamics}, 
doi={10.1109/PERCOM.2015.7146502}, 
ISSN={}, 
month={March},
URL = { 
     https://doi.org/10.1109/PERCOM.2015.7146502
},
eprint = { 
     https://doi.org/10.1109/PERCOM.2015.7146502
}}

@online{drauzioYoutube,
    title = {Repensando a Medicina | Computação cognitiva no reconhecimento de exames de Imagens},
    year = {2017},
    organization = {Youtube},
    author = {Drauzio Varella},
    url = {https://youtu.be/lnU3TAubbbU?t=5m40s},
}

@Article{tecnicasPLNRanjan:16,
author = {Nihar Ranjan and Kaushal Mundada and Kunal Phaltane and Saim Ahmad},
year = {2016},
month = {Jan},
volume={134}, 
number={8}, 
pages = {6-9},
journal = {International Journal of Computer Applications},
title = {A Survey on Techniques in NLP},

URL = { 
     https://pdfs.semanticscholar.org/0aff/d78b0ebf682092ed973ba338f36be8ce7045.pdf
},
}

@article{MANTYLA201816,
title = "The evolution of sentiment analysis - A review of research topics, venues, and top cited papers",
journal = "Computer Science Review",
volume = "27",
pages = "16 - 32",
year = "2017",
issn = "1574-0137",
doi = "https://doi.org/10.1016/j.cosrev.2017.10.002",
url = "http://www.sciencedirect.com/science/article/pii/S1574013717300606",
author = "Mika V. MÃ¤ntylÃ¤ and Daniel Graziotin and Miikka Kuutila",
keywords = "Sentiment analysis, Opinion mining, Bibliometric study, Text mining, Literature review, Topic modeling, Latent Dirichlet Allocation, Qualitative analysis"
}

@incollection{Pozzi20171,
title = "Chapter 1 - Challenges of Sentiment Analysis in Social Networks: An Overview ",
editor = "Pozzi, Federico Alberto and Fersini, Elisabetta and Messina, Enza  and Liu, Bing ",
booktitle = "Sentiment Analysis in Social Networks ",
publisher = "Morgan Kaufmann",
edition = "",
address = "Boston",
year = "2017",
pages = "1 - 11",
isbn = "978-0-12-804412-4",
doi = "https://doi.org/10.1016/B978-0-12-804412-4.00001-2",
url = "https://www.sciencedirect.com/science/article/pii/B9780128044124000012",
author = "F.A. Pozzi and E. Fersini and E. Messina and B. Liu",
keywords = "Sentiment analysis",
keywords = "Opinion mining",
keywords = "Social networks",
keywords = "Objective sentences",
keywords = "Subjective sentences",
keywords = "Explicit opinions",
keywords = "Implicit opinions "
}

@article{twitterDiabetes2017,
title = "Sentiment Analysis on Tweets about Diabetes: An Aspect-Level Approach",
journal = "Computational and Mathematical Methods in Medicine",
volume = "27",
pages = "1 - 9",
year = "2017",
doi = "https://doi.org/10.1155/2017/5140631",
url = "https://doi.org/10.1155/2017/5140631",
author = "María del Pilar Salas-Zárate and José Medina-Moreira and Katty Lagos-Ortiz and Harry Luna-Aveiga and Miguel Ángel Rodríguez-García and Rafael Valencia-García",
}

@article{bagOfWords, 
author={A. Alahmadi and A. Joorabchi and A. E. Mahdi}, 
booktitle={2013 7th IEEE GCC Conference and Exhibition (GCC)}, 
title={A new text representation scheme combining Bag-of-Words and Bag-of-Concepts approaches for automatic text classification}, 
year={2013}, 
volume={}, 
number={}, 
pages={108-113}, 
keywords={pattern classification;support vector machines;text analysis;Wikipedia;automatic text classification;bag-of-concepts method;bag-of-words method;knowledge base;support vector machine classifier;text representation;textual document;vector space model;Electronic publishing;Encyclopedias;Internet;Support vector machine classification;Text categorization;Vectors;Bag-of-Concepts;Bag-of-Words;Text Classification;Wikipedia}, 
doi={10.1109/IEEEGCC.2013.6705759}, 
ISSN={}, 
month={Nov},}
